%% This BibTeX bibliography file was created using BibDesk.
%% https://bibdesk.sourceforge.io/

%% Created for 小杉考司 at 2018-10-06 16:41:19 +0900


%% Saved with string encoding Unicode (UTF-8)


%% 原著者と訳者の区別はスタイルファイルの中で処理していないので，こちらで整える
%% 日本語の副題は全角ダッシュ二つで
 @book{Blechman1990,
 	Address = {New York},
 	Author = {Blechman,E.A.},
 	Jkanyaku = {ブレックマン.E.A.  濱,治世 and 松山,義則},
 	Jpublisher = {北大路書房},
 	Jtitle = {家族の感情心理学−−そのよいときも，わるいときも−−},
 	Jyear = {1998},
 	Publisher = {Lawrence Erlbaum Associates},
 	Title = {Emotions and family:For better or for worse},
 	Year = {1990}
}

%% 雑誌名の主要語の頭文字は大文字表記
@article{ekman1965,
	Author = {Ekman, Paul},
	Journal = {Journal of Personality and Social Psychology},
	Pages = {726--735},
	Publisher = {American Psychological Association},
	Title = {Differential communication of affect by head and body cues},
	Volume = {2},
	Year = {1965}
}

@article{ekman1992,
	Author = {Ekman, Paul},
	Journal = {Cognition \& emotion},
	Pages = {169--200},
	Publisher = {Taylor \& Francis},
	Title = {An argument for basic emotions},
	Volume = {6},
	Year = {1992}
}

@article{ekman1990,
	Author = {Ekman, Paul and Davidson, Richard J and Friesen, Wallace V},
	Journal = {Journal of personality and social psychology},
	Pages = {342},
	Publisher = {US: American Psychological Association},
	Title = {The Duchenne smile: Emotional expression and brain physiology: II.},
	Volume = {58},
	Year = {1990}
}

@article{ekman1969a,
	Author = {Ekman, Paul and Friesen, Wallace V},
	Journal = {Psychiatry},
	Number = {1},
	Pages = {88--106},
	Publisher = {Taylor \& Francis},
	Title = {Nonverbal leakage and clues to deception},
	Volume = {32},
	Year = {1969}
}

@article{ekman1969,
	Author = {Ekman, Paul and Friesen, Wallace V},
	Journal = {semiotica},
	Number = {1},
	Pages = {49--98},
	Publisher = {De Gruyter Mouton},
	Title = {The repertoire of nonverbal behavior: Categories, origins, usage, and coding},
	Volume = {1},
	Year = {1969}
}

@book{ekman1978,
	Address = {Palo Alto},
	Author = {Ekman, Paul and Friesen, WV},
	Date-Modified = {2018-10-06 16:36:38 +0900},
	Publisher = {CA:Consulting Psychologists Press},
	Title = {Facial action coding system: A technique for the measurement of facial action},
	Year = {1978}
}

@incollection{ekman1982,
	Author = {Ekman, Paul and Friesen,W.V and Ellsworth,P},
	Booktitle = {Emotion in the human face},
	Edition = {2nd},
	Editor = {P.Ekman},
	Pages = {98--110},
	Publisher = {Cambridge University Press},
	Title = {Conceptual ambiguities},
	Year = {1982}
}

@incollection{角辻1978,
	Author = {角辻,豊},
	yomi = {Kadotsuji Yutaka},
	year = {1978},
	title = {情動の表出},
	Editor ={金子,仁郎 and 菱川,泰夫 and 志水,彰},
	Booktitle = {精神生理学IV},
	Pages = {196-209},
	Publisher ={金原出版}
}

@article{深谷2011,
  title={科学的概念の学習における自己説明プロンプトの効果―SBF 理論に基づく介入―},
  author={深谷,達史},
	yomi = {Fukaya Tatsushi},
  journal={認知科学},
  volume={18},
  number={1},
  pages={190--201},
  year={2011},
  publisher={日本認知科学会}
}

@article{深谷達史2011,
  title={学習内容の説明が文章表象とモニタリングに及ぼす影響},
  author={深谷,達史},
	yomi = {Fukaya Tatsushi},
  journal={心理学評論},
  volume={54},
  number={2},
  pages={179--196},
  year={2011},
  publisher={心理学評論刊行会}
}

@article{寺崎正治1992,
  title={多面的感情状態尺度の作成},
  author={寺崎,正治 and 岸本,陽一 and 古賀,愛人},
	yomi = {Terasaki Masaharu},
  journal={心理学研究},
  volume={62},
  number={6},
  pages={350--356},
  year={1992},
  publisher={公益社団法人 日本心理学会}
}

@article{小川時洋2000,
  title={一般感情尺度の作成},
  author={小川,時洋 and 門地,里絵 and 菊谷,麻美 and 鈴木,直人},
	yomi = {Ogawa Tokiyo},
  journal={心理学研究},
  volume={71},
  number={3},
  pages={241--246},
  year={2000},
  publisher={公益社団法人 日本心理学会}
}

@book{越智2013,
  title={ケースで学ぶ犯罪心理学},
  author={越智,啓太},
  yomi ={Ochi Keita},
  year={2013},
  publisher={北大路書房}
}

@article{坂野雄二1994,
  title={新しい気分調査票の開発とその信頼性・妥当性の検討},
  author={坂野,雄二 and 福井,知美 and 熊野,宏昭 and 堀江,はるみ and 川原,健資 and 山本,晴義 and 野村,忍 and 末松,弘行},
	yomi = {Sakano Yuji},
  journal={心身医学},
  volume={34},
  number={8},
  pages={629--636},
  year={1994},
  publisher={一般社団法人 日本心身医学会}
}
